@Book{ umlApplying,
	author = "Ларман Крэг",
	title = "Применение UML 2.0 и шаблонов проектирования. Практическое руководство. 3-е издание",
	publisher = "М: И.Д. Вильямс",
	year = "2013",
	pages = "736",
	language = "russian"
}

@Electronic{ pattern,
	title = "Веб-сайт refactoring guru. Паттерны проектирования. Команда",
	medium = {Electronic resource},
	url = "https://refactoring.guru/ru/design-patterns/command",
	urldate = "19.05.2020",
	language = "russian"
}


@Book{ oop,
	author = "Гамма Э. and Хелм Р. and Джонсон Р. and Влиссидес Д.",
	title = "Приемы объектно-ориентированного проектирования",
	publisher = "Спб: Питер",
	year = "2019",
	pages = "368",
	language = "russian"
}

@Book{ umlDistilled,
	author = "Фаулер Мартин",
	title = "UML. Основы, 3-е издание",
	publisher = "Спб: Символ-Плюс",
	year = "2004",
	pages = "192",
	language = "russian"
}

@Electronic{ CastNet,
	title = "Официальный веб-сайт компании DHCAE Tools. Продукт CastNet",
	medium = {Electronic resource},
	url = "http://www.dhcae-tools.com/CastNet.html",
	urldate = "11.05.2020",
	language = "russian"
}

@Electronic{ Ansa,
	title = "Официальный веб-сайт компании Beta. Продукт ANSA",
	medium = {Electronic resource},
	url = "http://www.beta-cae.gr/ansa.htm",
	urldate = "11.05.2020",
	language = "russian"
}

@Electronic{ Helyx,
	title = "Официальный веб-сайт Helyx. Products. Helyx OS",
	medium = {Electronic resource},
	url = "https://engys.com/products/helyx-os",
	urldate = "10.05.2020",
	language = "russian"
}

@Electronic{ OpenfoamWiki,
	title = "OpenFOAM Wikipedia",
	medium = {Electronic resource},
	url = "https://ru.wikipedia.org/wiki/OpenFOAM",
	urldate = "08.05.2020",
	language = "russian"
}

@Electronic{ OpenfoamUserGuide,
	title = "Официальный веб-сайт OpenFOAM. User guide",
	medium = {Electronic resource},
	url = "https://cfd.direct/openfoam/user-guide/",
	urldate = "08.05.2020",
	language = "russian"
}

@Electronic{ ParaviewAbout,
	title = "Официальный веб-сайт Paraview. About",
	medium = {Electronic resource},
	url = "https://www.paraview.org/overview/",
	urldate = "08.05.2020",
	language = "russian"
}

@Electronic{ ParaviewWiki,
	title = "Paraview. Wikipedia",
	medium = {Electronic resource},
	url = "https://www.paraview.org/overview/",
	urldate = "08.05.2020",
	language = "russian"
}

@Electronic{ ParaviewAndPython,
	title = "Официальный веб-сайт Paraview. Paraview and Python",
	medium = {Electronic resource},
	url = "https://www.paraview.org/Wiki/ParaView_and_Python",
	urldate = "08.05.2020",
	language = "russian"
}